@misc{ispra,
howpublished = {\url{https://www.isprambiente.gov.it/files/pubblicazioni/manuali-lineeguida/mlg-78.1-2012-glossario-dinamico.pdf}},
}

@misc{1880,
howpublished = {\url{https://www.ilpost.it/2017/08/20/perche-il-1880-e-importante-per-il-clima/}},
}

@misc{wiki,
howpublished = {\url{https://en.wikipedia.org/}},
}

@misc{EPICAC,
howpublished = {\url{https://www.nature.com/articles/540018a.pdf}},
}

@misc{overview,
howpublished = {\url{https://www.nature.com/articles/453291a.pdf}},
}

@misc{AMOC,
howpublished = {\url{https://www.scientificamerican.com/article/slow-motion-ocean-atlantics-circulation-is-weakest-in-1-600-years/}},
}

